<?xml version="1.0" encoding="UTF-8"?><record xmlns="http://www.loc.gov/MARC21/slim" xmlns:cinclude="http://apache.org/cocoon/include/1.0" xmlns:zs="http://www.loc.gov/zing/srw/">
  <leader>00370cz  a2200121n  4500</leader>
  <controlfield tag="001">n  95058557 </controlfield>
  <controlfield tag="003">DLC</controlfield>
  <controlfield tag="005">19951013160203.3</controlfield>
  <controlfield tag="008">950614n| acannaab|          |n aaa |||  </controlfield>
  <datafield tag="010" ind1=" " ind2=" ">
    <subfield code="a">n  95058557 </subfield>
  </datafield>
  <datafield tag="040" ind1=" " ind2=" ">
    <subfield code="a">DLC</subfield>
    <subfield code="c">DLC</subfield>
    <subfield code="d">DLC</subfield>
  </datafield>
  <datafield tag="100" ind1="1" ind2="0">
    <subfield code="a">Salamone, Salvatore L.</subfield>
  </datafield>
  <datafield tag="670" ind1=" " ind2=" ">
    <subfield code="a">Reducing the cost of LAN ownership, 1995:</subfield>
    <subfield code="b">CIP t.p. (Salvatore Salamone) book t.p. (Salvatore L. Salamone)</subfield>
  </datafield>
</record>